<record><leader>00000cas a2200000 i 4500</leader><controlfield tag="001">11982239</controlfield><controlfield tag="008">850430d18691893inuwr ne      0    0eng c</controlfield><datafield ind1=" " ind2=" " tag="010"><subfield code="a">sn 85047788 </subfield></datafield><datafield ind1=" " ind2=" " tag="040"><subfield code="a">NPI</subfield><subfield code="b">eng</subfield><subfield code="e">rda</subfield><subfield code="c">NPI</subfield><subfield code="d">UKMGB</subfield><subfield code="d">OCLCQ</subfield><subfield code="d">IUL</subfield><subfield code="d">OCLCF</subfield></datafield><datafield ind1="7" ind2=" " tag="016"><subfield code="a">013939281</subfield><subfield code="2">Uk</subfield></datafield><datafield ind1="1" ind2=" " tag="029"><subfield code="a">AU@</subfield><subfield code="b">000025838714</subfield></datafield><datafield ind1=" " ind2=" " tag="042"><subfield code="a">pcc</subfield></datafield><datafield ind1=" " ind2=" " tag="043"><subfield code="a">n-us-in</subfield></datafield><datafield ind1="0" ind2=" " tag="130"><subfield code="a">New era (Greensburg, Ind.)</subfield></datafield><datafield ind1="1" ind2="4" tag="245"><subfield code="a">The new era.</subfield></datafield><datafield ind1=" " ind2="1" tag="264"><subfield code="a">Greensburg, Indiana :</subfield><subfield code="b">Allen W. Clark</subfield></datafield><datafield ind1=" " ind2=" " tag="300"><subfield code="a">volumes :</subfield><subfield code="b">illustrations (chiefly advertisements) ;</subfield><subfield code="c">54-65 cm</subfield></datafield><datafield ind1=" " ind2=" " tag="310"><subfield code="a">Weekly</subfield></datafield><datafield ind1=" " ind2=" " tag="336"><subfield code="a">text</subfield><subfield code="b">txt</subfield><subfield code="2">rdacontent</subfield></datafield><datafield ind1=" " ind2=" " tag="337"><subfield code="a">unmediated</subfield><subfield code="b">n</subfield><subfield code="2">rdamedia</subfield></datafield><datafield ind1=" " ind2=" " tag="338"><subfield code="a">volume</subfield><subfield code="b">nc</subfield><subfield code="2">rdacarrier</subfield></datafield><datafield ind1="1" ind2=" " tag="362"><subfield code="a">Probably began in 1869</subfield><subfield code="z">Cf. Miller, John W. Indiana newspaper bibliog.</subfield></datafield><datafield ind1="0" ind2=" " tag="362"><subfield code="a">-volume XXVIII, number 31 (March 29, 1893).</subfield></datafield><datafield ind1=" " ind2=" " tag="500"><subfield code="a">Editor: James E. Caskey, &lt;1885-&gt;</subfield></datafield><datafield ind1=" " ind2=" " tag="515"><subfield code="a">Has frequent numbering errors.</subfield></datafield><datafield ind1=" " ind2=" " tag="588"><subfield code="a">Description based on: Volume XVIII, number 1 (September 2, 1885); title from masthead, U.S. Newspaper Archive (viewed Aug. 22, 2017).</subfield></datafield><datafield ind1=" " ind2="0" tag="651"><subfield code="a">Greensburg (Ind.)</subfield><subfield code="v">Newspapers.</subfield></datafield><datafield ind1=" " ind2="0" tag="651"><subfield code="a">Decatur County (Ind.)</subfield><subfield code="v">Newspapers.</subfield></datafield><datafield ind1=" " ind2="7" tag="651"><subfield code="a">Indiana</subfield><subfield code="z">Decatur County.</subfield><subfield code="2">fast</subfield><subfield code="0">(OCoLC)fst01213384</subfield></datafield><datafield ind1=" " ind2="7" tag="651"><subfield code="a">Indiana</subfield><subfield code="z">Greensburg.</subfield><subfield code="2">fast</subfield><subfield code="0">(OCoLC)fst01227011</subfield></datafield><datafield ind1=" " ind2="7" tag="655"><subfield code="a">Newspapers.</subfield><subfield code="2">fast</subfield><subfield code="0">(OCoLC)fst01423814</subfield></datafield><datafield ind1=" " ind2=" " tag="752"><subfield code="a">United States</subfield><subfield code="b">Indiana</subfield><subfield code="c">Decatur</subfield><subfield code="d">Greensburg.</subfield></datafield><datafield ind1="0" ind2="5" tag="780"><subfield code="t">Decatur Democrat (Greensburg, Ind. : 1891)</subfield><subfield code="g">1892</subfield><subfield code="w">(DLC)sn 85047779</subfield><subfield code="w">(OCoLC)11976444</subfield></datafield><datafield ind1="0" ind2="0" tag="785"><subfield code="t">Greensburg new era</subfield><subfield code="w">(DLC)sn 85047789</subfield><subfield code="w">(OCoLC)11982343</subfield></datafield><datafield ind1="4" ind2="1" tag="856"><subfield code="u">https://access.newspaperarchive.com/us/indiana/greensburg/greensburg-new-era/</subfield></datafield></record>